<?xml version="1.0" encoding="UTF-8"?><record xmlns="http://www.loc.gov/MARC21/slim" xmlns:cinclude="http://apache.org/cocoon/include/1.0" xmlns:zs="http://www.loc.gov/zing/srw/">
  <leader>00609nz  a2200157n  4500</leader>
  <controlfield tag="001">no2004074038</controlfield>
  <controlfield tag="003">DLC</controlfield>
  <controlfield tag="005">20040805051928.0</controlfield>
  <controlfield tag="008">040804n| acannaabn          |a aaa     c</controlfield>
  <datafield tag="010" ind1=" " ind2=" ">
    <subfield code="a">no2004074038</subfield>
  </datafield>
  <datafield tag="035" ind1=" " ind2=" ">
    <subfield code="a">(OCoLC)oca06409221</subfield>
  </datafield>
  <datafield tag="040" ind1=" " ind2=" ">
    <subfield code="a">OAkU-MCU</subfield>
    <subfield code="b">eng</subfield>
    <subfield code="c">OAkU-MCU</subfield>
  </datafield>
  <datafield tag="100" ind1="1" ind2=" ">
    <subfield code="a">Marron, James.</subfield>
    <subfield code="t">Poems for the angels</subfield>
  </datafield>
  <datafield tag="400" ind1="1" ind2=" ">
    <subfield code="a">Marron, James.</subfield>
    <subfield code="t">Six poems for the angels</subfield>
  </datafield>
  <datafield tag="400" ind1="1" ind2=" ">
    <subfield code="a">Marron, James.</subfield>
    <subfield code="t">6 poems for the angels</subfield>
  </datafield>
  <datafield tag="670" ind1=" " ind2=" ">
    <subfield code="a">Marron, J. Six poems for the angels [SR] 2003:</subfield>
    <subfield code="b">label (Six poems for the angels; guitar) insert (inspired by poems of the same title by Thomas Marron; essentially tone poems)</subfield>
  </datafield>
</record>